@Book{hume48,
  author =  "David Hume",
  year =    "1748",
  title =   "An enquiry concerning human understanding",
  address =     "Indianapolis, IN",
  publisher =   "Hackett",
  doi = "10.1017/CBO9780511808432",
}

@Article{Atr03,
  author = "P Atreides",
  year = "2003",
  title = "How to catch a sandworm",
  journal = "Transactions on Terraforming",
  volume = 21,
  issue = 3,
  pages = {261-300}
}

@article{wardlow2022perceptions,
  title={Perceptions and Uses of Telehealth in the Care of Older Adults},
  author={Wardlow, Laura and Roberts, Christine and Archbald-Pannone, Lindsey and Collaborative for Telehealth and Aging},
  journal={Telemedicine journal and e-health : the official journal of the American Telemedicine Association},
  year={2022},
  note={Advance online publication},
  doi={10.1089/tmj.2022.0378},
  url={https://doi.org/10.1089/tmj.2022.0378}
}

@article{Manyika2011BigDT,
  title={Big data: The next frontier for innovation, competition, and productivity},
  author={J. Manyika},
  year={2011}
}

@book{fayyad2002information,
  title={Information Visualization in Data Mining and Knowledge Discovery},
  author={Fayyad, Usama and Grinstein, Georges G and Wierse, Andreas},
  year={2002},
  publisher={Elsevier}
}

@inproceedings{shneiderman1996eyes,
  title={The eyes have it: A task by data type taxonomy for information visualizations},
  author={Shneiderman, Ben},
  booktitle={Proceedings of the IEEE Symposium on Visual Languages},
  year={1996}
}

@article{Wong1997MultivariateVU,
  title={Multivariate visualization using metric scaling},
  author={Pak Chung Wong and R. Daniel Bergeron},
  journal={Proceedings. Visualization '97 (Cat. No. 97CB36155)},
  year={1997},
  pages={111-118}
}

@article{dijkstra1959note,
  title={A note on two problems in connexion with graphs},
  author={Dijkstra, Edsger W},
  journal={Numerische Mathematik},
  volume={1},
  number={1},
  pages={269--271},
  year={1959},
  publisher={Springer},
  doi={10.1007/BF01386390}
}
@misc{cugraph,
  title = {{cuGraph}: GPU-accelerated graph analytics library},
  howpublished = {\url{https://github.com/rapidsai/cugraph}},
  note = {Accessed: May 23, 2023},
  author = {RAPIDS Development Team},
  year = {2023}
}

@article{hernan2011simpsons,
  title={The Simpson's paradox unraveled},
  author={Hern{\'a}n, Miguel A and others},
  journal={International Journal of Epidemiology},
  volume={40},
  number={3},
  pages={780--785},
  year={2011},
  publisher={Oxford University Press},
  doi={10.1093/ije/dyr041}
}

@ARTICLE{garcia,
  author={García, Salvador and Luengo, Julián and Sáez, José Antonio and López, Victoria and Herrera, Francisco},
  journal={IEEE Transactions on Knowledge and Data Engineering}, 
  title={A Survey of Discretization Techniques: Taxonomy and Empirical Analysis in Supervised Learning}, 
  year={2013},
  volume={25},
  number={4},
  pages={734-750},
  doi={10.1109/TKDE.2012.35}}

@article{upton2000cobweb,
  title={Cobweb Diagrams for Multiway Contingency Tables},
  author={Upton, Graham J. G.},
  journal={Journal of the Royal Statistical Society Series D: The Statistician},
  volume={49},
  number={1},
  pages={79--85},
  year={2000},
  publisher={Wiley},
  doi={10.1111/1467-9884.00221}
}
