@article{balandat2020botorch,
  title={{BoTorch}: A framework for efficient {M}onte-{C}arlo {B}ayesian optimization},
  author={Balandat, Maximilian and Karrer, Brian and Jiang, Daniel and Daulton, Samuel and Letham, Ben and Wilson, Andrew G and Bakshy, Eytan},
  journal={Advances in neural information processing systems},
  volume={33},
  pages={21524--21538},
  year={2020}
}

@article{picheny2023trieste,
  title={Trieste: Efficiently Exploring The Depths of Black-box Functions with {T}ensorFlow},
  author={Picheny, Victor and Berkeley, Joel and Moss, Henry B and Stojic, Hrvoje and Granta, Uri and Ober, Sebastian W and Artemev, Artem and Ghani, Khurram and Goodall, Alexander and Paleyes, Andrei and others},
  journal={arXiv preprint arXiv:2302.08436},
  year={2023}
}

@Misc{gpyopt2016,
  author = {{The GPyOpt authors}},
  title = {{GPyOpt}: A {B}ayesian Optimization framework in {P}ython},
  howpublished = {\url{http://github.com/SheffieldML/GPyOpt}},
  year = {2016}
}

@Misc{gpy2014,
  author = {{The GPy authors}},
  title = {{GPy}: A {G}aussian process framework in {P}ython},
  howpublished = {\url{http://github.com/SheffieldML/GPy}},
  year = {since 2012}
}

@article{snoek2012practical,
  title={Practical bayesian optimization of machine learning algorithms},
  author={Snoek, Jasper and Larochelle, Hugo and Adams, Ryan P},
  journal={Advances in neural information processing systems},
  volume={25},
  year={2012}
}

@article{jimenez2017pygpgo,
  title={py{GPGO}: {B}ayesian optimization for {P}ython},
  author={Jim{\'e}nez, Jos{\'e} and Ginebra, Josep},
  journal={Journal of Open Source Software},
  volume={2},
  number={19},
  pages={431},
  year={2017}
}

@INPROCEEDINGS{klein-bayesopt17,
  author    = {A. Klein and S. Falkner and N. Mansur and F. Hutter},
  title     = {{RoBO}: A Flexible and Robust {B}ayesian Optimization Framework in {P}ython},
  booktitle = {NIPS 2017 Bayesian Optimization Workshop},
  year      = {2017},
}

@misc{Charles2013,
  author = {OxfordML},
  title = {bayesquad},
  year = {2013},
  publisher = {GitHub},
  journal = {GitHub repository},
  howpublished = {\url{https://github.com/OxfordML/bayesquad}},
}

@article{mcmichael2021optbayesexpt,
  title={Optbayesexpt: Sequential {B}ayesian Experiment Design for Adaptive Measurements},
  author={McMichael, Robert D and Blakley, Sean M and Dushenko, Sergey},
  journal={Journal of Research of the National Institute of Standards and Technology},
  volume={126},
  pages={1--5},
  year={2021},
  publisher={Superintendent of Documents}
}

@article{wang2021nextorch,
  title={{NEXTorch}: a design and {B}ayesian optimization toolkit for chemical sciences and engineering},
  author={Wang, Yifan and Chen, Tai-Ying and Vlachos, Dionisios G},
  journal={Journal of Chemical Information and Modeling},
  volume={61},
  number={11},
  pages={5312--5319},
  year={2021},
  publisher={ACS Publications}
}

@inproceedings{optuna_2019,
    title={Optuna: A Next-generation Hyperparameter Optimization Framework},
    author={Akiba, Takuya and Sano, Shotaro and Yanase, Toshihiko and Ohta, Takeru and Koyama, Masanori},
    booktitle={Proceedings of the 25th {ACM} {SIGKDD} International Conference on Knowledge Discovery and Data Mining},
    year={2019}
}

@inproceedings{louppe2017bayesian,
  title={Bayesian optimisation with scikit-optimize},
  author={Louppe, Gilles},
  booktitle={PyData Amsterdam},
  year={2017}
}

@article{liaw2018tune,
  title={Tune: A research platform for distributed model selection and training},
  author={Liaw, Richard and Liang, Eric and Nishihara, Robert and Moritz, Philipp and Gonzalez, Joseph E and Stoica, Ion},
  journal={arXiv preprint arXiv:1807.05118},
  year={2018}
}


